@misc{hanif_2017, 
title={Sekilas Tentang Docker}, 
url={https://hanifmu.com/posts/sekilas-tentang-docker/}, 
journal={hanifmu.com}, 
author={Hanif, Muhammad}, 
year={2017}, 
month={Jun},
note = "Accessed: 2022-04-28"
} 


@misc{docker_documentation_2022, 
title={Install Docker Desktop on windows}, 
url={https://docs.docker.com/desktop/windows/install/}, 
journal={Docker Documentation}, 
year={2022}, 
month={Apr},
note = {"Accessed: 2022-04-28"}} 

@misc{contributor_2005, 
title       = {What is daemon? - definition from whatis.com}, 
url         = {https://www.techtarget.com/whatis/definition/daemon}, 
journal     = {WhatIs.com}, 
publisher   = {TechTarget}, 
author      = {Contributor, TechTarget}, 
year        = {2005}, 
month       = {Sep},
note        = "Accessed: 2022-05-01"
 }

@misc{images_2021, 
title={Docker image}, 
url={https://www.techtarget.com/searchitoperations/definition/Docker-image}, 
journal={Containers and Virtualization}, 
publisher={TechTarget}, 
author={
Alexander S. Gillis}, 
year={2021},
month={May},
note = "Accessed: 2022-05-01"
}